<?xml version="1.0" encoding="UTF-8"?><collection xmlns="http://www.loc.gov/MARC21/slim"><record><leader>00443nam--2200157-i-4500</leader><controlfield tag="001">000011094</controlfield><controlfield tag="002">20161230</controlfield><controlfield tag="005">20161230201029</controlfield><controlfield tag="008">060222s1000------------r-----000-0-eng-d</controlfield><datafield ind1=" " ind2=" " tag="100"><subfield code="a">Sirovich, L</subfield></datafield><datafield ind1=" " ind2=" " tag="245"><subfield code="a">Technique of asymptotic analysis</subfield></datafield><datafield ind1=" " ind2=" " tag="260"><subfield code="a">New York, Springer-verlag, 1971</subfield></datafield><datafield ind1=" " ind2=" " tag="490"><subfield code="a">Applied Mathematical Science</subfield><subfield code="v">vol. 2</subfield></datafield><datafield ind1=" " ind2=" " tag="700"><subfield code="a">Fritz John, Joseph P.Lasalle /S.A.</subfield></datafield><datafield ind1=" " ind2=" " tag="852"><subfield code="a">40952</subfield><subfield code="c">517</subfield></datafield><datafield ind1=" " ind2=" " tag="CAT"><subfield code="a">Sys</subfield><subfield code="c">20080702</subfield><subfield code="h">084115</subfield></datafield></record></collection>